@misc{PythonDJB2,
  author = {Heimes, Christian},
  title = {cpython},
  year = {2013},
  publisher = {GitHub},
  journal = {GitHub repository},
  howpublished = {\url{https://github.com/python/cpython}},
  commit = {985ecdcfc29adfc36ce2339acf03f819ad414869}
}
@article{pieprzyk1999fast,
  title={Fast hashing and rotation-symmetric functions},
  author={Pieprzyk, Josef and Qu, Cheng Xin},
  journal={Journal of Universal Computer Science},
  volume={5},
  number={1},
  pages={20--31},
  year={1999}
}
@article{menasce2003security,
  title={Security performance},
  author={Menasc{\'e}, Daniel A},
  journal={IEEE Internet Computing},
  volume={7},
  number={3},
  pages={84--87},
  year={2003},
  publisher={IEEE}
}
@techreport{sivathanu2004enhancing,
  title={Enhancing file system integrity through checksums},
  author={Sivathanu, Gopalan and Wright, Charles P and Zadok, Erez},
  year={2004},
  institution={Citeseer}
}